@book{citetest,
  title={The Hitchhiker's Guide to the Galaxy},
  author={Adams, D.},
  isbn={9781417642595},
  url={http://books.google.com/books?id=W-xMPgAACAAJ},
  year={1995},
  publisher={San Val}
}


@Misc{test,
  author = {testing},
  title  = {Test title},
  month  = {12},
  year   = {1234},
  note   = {testing 123},
}