@Inbook{Melville2010,
author="Melville, Prem
and Sindhwani, Vikas",
editor="Sammut, Claude
and Webb, Geoffrey I.",
title="Recommender Systems",
bookTitle="Encyclopedia of Machine Learning",
year="2010",
publisher="Springer US",
address="Boston, MA",
pages="829--838",
isbn="978-0-387-30164-8",
doi="10.1007/978-0-387-30164-8_705",
url="https://doi.org/10.1007/978-0-387-30164-8_705"
}

@article{Adomavicius2005,
 author = {Adomavicius, Gediminas and Tuzhilin, Alexander},
 title = {Toward the Next Generation of Recommender Systems: A Survey of the State-of-the-Art and Possible Extensions},
 journal = {IEEE Trans. on Knowl. and Data Eng.},
 issue_date = {June 2005},
 volume = {17},
 number = {6},
 month = jun,
 year = {2005},
 issn = {1041-4347},
 pages = {734--749},
 numpages = {16},
 url = {https://doi.org/10.1109/TKDE.2005.99},
 doi = {10.1109/TKDE.2005.99},
 acmid = {1070751},
 publisher = {IEEE Educational Activities Department},
 address = {Piscataway, NJ, USA},
 keywords = {Index Terms- Recommender systems, Recommender systems, collaborative filtering, rating estimation methods, extensions to recommender systems., collaborative filtering, extensions to recommender systems., rating estimation methods},
} 


@inproceedings{Amatriain2006,
 author = {Amatriain, Xavier and Basilico, Justin},
 title = {Past, Present, and Future of Recommender Systems: An Industry Perspective},
 booktitle = {Proceedings of the 10th ACM Conference on Recommender Systems},
 series = {RecSys '16},
 year = {2016},
 isbn = {978-1-4503-4035-9},
 location = {Boston, Massachusetts, USA},
 pages = {211--214},
 numpages = {4},
 url = {http://doi.acm.org.proxyiub.uits.iu.edu/10.1145/2959100.2959144},
 doi = {10.1145/2959100.2959144},
 acmid = {2959144},
 publisher = {ACM},
 address = {New York, NY, USA},
 keywords = {machine learning, recommender systems},
}

@Inbook{Pazzani2007,
author="Pazzani, Michael J.
and Billsus, Daniel",
editor="Brusilovsky, Peter
and Kobsa, Alfred
and Nejdl, Wolfgang",
title="Content-Based Recommendation Systems",
bookTitle="The Adaptive Web: Methods and Strategies of Web Personalization",
year="2007",
publisher="Springer Berlin Heidelberg",
address="Berlin, Heidelberg",
pages="325--341",
isbn="978-3-540-72079-9",
doi="10.1007/978-3-540-72079-9_10",
url="https://doi.org/10.1007/978-3-540-72079-9_10"
}


@Inbook{Schafer2007,
author="Schafer, J. Ben
and Frankowski, Dan
and Herlocker, Jon
and Sen, Shilad",
editor="Brusilovsky, Peter
and Kobsa, Alfred
and Nejdl, Wolfgang",
title="Collaborative Filtering Recommender Systems",
bookTitle="The Adaptive Web: Methods and Strategies of Web Personalization",
year="2007",
publisher="Springer Berlin Heidelberg",
address="Berlin, Heidelberg",
pages="291--324",
isbn="978-3-540-72079-9",
doi="10.1007/978-3-540-72079-9_9",
url="https://doi.org/10.1007/978-3-540-72079-9_9"
}


@Article{Burke2002,
author="Burke, Robin",
title="Hybrid Recommender Systems: Survey and Experiments",
journal="User Modeling and User-Adapted Interaction",
year="2002",
month="Nov",
day="01",
volume="12",
number="4",
pages="331--370",
issn="1573-1391",
doi="10.1023/A:1021240730564",
url="https://doi.org/10.1023/A:1021240730564"
}

@article{Gomez-Uribe2015,
 author = {Gomez-Uribe, Carlos A. and Hunt, Neil},
 title = {The Netflix Recommender System: Algorithms, Business Value, and Innovation},
 journal = {ACM Trans. Manage. Inf. Syst.},
 issue_date = {January 2016},
 volume = {6},
 number = {4},
 month = dec,
 year = {2015},
 issn = {2158-656X},
 pages = {13:1--13:19},
 articleno = {13},
 numpages = {19},
 url = {http://doi.acm.org.proxyiub.uits.iu.edu/10.1145/2843948},
 doi = {10.1145/2843948},
 acmid = {2843948},
 publisher = {ACM},
 address = {New York, NY, USA},
 keywords = {Recommender systems},
} 


@article{Smith2017,
author = {Brent Smith, and Greg Linden, },
title = {Two Decades of Recommender Systems at Amazon.com},
journal = {IEEE Internet Computing},
volume = {21},
number = {3},
issn = {1089-7801},
year = {2017},
pages = {12-18},
doi = {doi.ieeecomputersociety.org/10.1109/MIC.2017.72},
publisher = {IEEE Computer Society},
address = {Los Alamitos, CA, USA},
}


@Inbook{Cantador2015,
author="Cantador, Iv{\'a}n
and Fern{\'a}ndez-Tob{\'i}as, Ignacio
and Berkovsky, Shlomo
and Cremonesi, Paolo",
editor="Ricci, Francesco
and Rokach, Lior
and Shapira, Bracha",
title="Cross-Domain Recommender Systems",
bookTitle="Recommender Systems Handbook",
year="2015",
publisher="Springer US",
address="Boston, MA",
pages="919--959",
isbn="978-1-4899-7637-6",
doi="10.1007/978-1-4899-7637-6_27",
url="https://doi.org/10.1007/978-1-4899-7637-6_27"
}


@Inbook{Khusro2016,
author="Khusro, Shah
and Ali, Zafar
and Ullah, Irfan",
editor="Kim, Kuinam J.
and Joukov, Nikolai",
title="Recommender Systems: Issues, Challenges, and Research Opportunities",
bookTitle="Information Science and Applications (ICISA) 2016",
year="2016",
publisher="Springer Singapore",
address="Singapore",
pages="1179--1189",
doi="10.1007/978-981-10-0557-2_112",
url="https://doi.org/10.1007/978-981-10-0557-2_112"
}
